@inproceedings{ponte98,
  author = {Ponte, Jay M. and Croft, W. Bruce},
  title = {A Language Modeling Approach to Information Retrieval},
  booktitle = {Proceedings of the 21st Annual International ACM SIGIR Conference on Research and Development in Information Retrieval},
  series = {SIGIR '98},
  year = {1998},
  isbn = {1-58113-015-5},
  location = {Melbourne, Australia},
  pages = {275--281},
  numpages = {7},
  url = {http://doi.acm.org/10.1145/290941.291008},
  doi = {10.1145/290941.291008},
  acmid = {291008},
  publisher = {ACM},
  address = {New York, NY, USA},
  vnovotny-read-passes = {0},
}

@InProceedings{hiemstra98,
  author="Hiemstra, Djoerd",
  editor="Nikolaou, Christos
  and Stephanidis, Constantine",
  title="A Linguistically Motivated Probabilistic Model of Information Retrieval",
  booktitle="Research and Advanced Technology for Digital Libraries",
  year="1998",
  publisher="Springer Berlin Heidelberg",
  address="Berlin, Heidelberg",
  pages="569--584",
  abstract="This paper presents a new probabilistic model of information retrieval. The most important modeling assumption made is that documents and queries are defined by an ordered sequence of single terms. This assumption is not made in well known existing models of information retrieval, but is essential in the field of statistical natural language processing. Advances already made in statistical natural language processing will be used in this paper to formulate a probabilistic justification for using tfxidf term weighting. The paper shows that the new probabilistic interpretation of tfxidf term weighting might lead to better understanding of statistical ranking mechanisms, for example by explaining how they relate to coordination level ranking. A pilot experiment on the Cranfield test collection indicates that the presented model outperforms the vector space model with classical tfxidf and cosine length normalisation.",
  isbn="978-3-540-49653-3",
  vnovotny-read-passes = {0},
}

@inproceedings{berger99,
  title={Information retrieval as statistical translation},
  author={Berger, Adam and Lafferty, John},
  booktitle={Proceedings of the 22nd annual international ACM SIGIR conference on Research and development in information retrieval},
  pages={222--229},
  year={1999},
  organization={ACM},
  vnovotny-read-passes = {0},
}

@inproceedings{miller99,
  author = {Miller, David R. H. and Leek, Tim and Schwartz, Richard M.},
  title = {A Hidden Markov Model Information Retrieval System},
  booktitle = {Proceedings of the 22Nd Annual International ACM SIGIR Conference on Research and Development in Information Retrieval},
  series = {SIGIR '99},
  year = {1999},
  isbn = {1-58113-096-1},
  location = {Berkeley, California, USA},
  pages = {214--221},
  numpages = {8},
  url = {http://doi.acm.org/10.1145/312624.312680},
  doi = {10.1145/312624.312680},
  acmid = {312680},
  publisher = {ACM},
  address = {New York, NY, USA},
  vnovotny-read-passes = {0},
}

@book{manning08,
  title={Introduction to information retrieval},
  author={Manning, Christopher D. and Raghavan, Prabhakar and Schütze Hinrich},
  volume={39},
  year={2008},
  publisher={Cambridge University Press},
}

@article{katz87,
  author={S. Katz},
  journal={IEEE Transactions on Acoustics, Speech, and Signal Processing},
  title={Estimation of probabilities from sparse data for the language model component of a speech recognizer},
  year={1987},
  volume={35},
  number={3},
  pages={400-401},
  keywords={Natural languages;Speech recognition;Recursive estimation;Maximum likelihood estimation;Probability;Statistics;Speech processing;Acoustic signal processing},
  doi={10.1109/TASSP.1987.1165125},
  ISSN={0096-3518},
  month={March},
  vnovotny-read-passes = {2},
}

@article{good53,
  author = {Good, I. J.},
  title = {The population frequencies of species and the estimation of population parameters},
  journal = {Biometrika},
  volume = {40},
  number = {3-4},
  pages = {237-264},
  year = {1953},
  doi = {10.1093/biomet/40.3-4.237},
  URL = {http://dx.doi.org/10.1093/biomet/40.3-4.237},
  eprint = {/oup/backfile/content_public/journal/biomet/40/3-4/10.1093/biomet/40.3-4.237/2/40-3-4-237.pdf},
  vnovotny-read-passes = {1},
}

@ARTICLE{nadas85,
  author={A. Nadas},
  journal={IEEE Transactions on Acoustics, Speech, and Signal Processing},
  title={On Turing's formula for word probabilities},
  year={1985},
  volume={33},
  number={6},
  pages={1414-1416},
  keywords={Speech recognition;Bayesian methods;Frequency estimation;Probability;Statistical analysis;Smoothing methods;Natural languages;Statistical distributions;Distributed computing;Vocabulary},
  doi={10.1109/TASSP.1985.1164728},
  ISSN={0096-3518},
  month={December},
  vnovotny-read-passes = {1},
}

@article{lidstone20,
  title={Note on the general case of the Bayes-Laplace formula for inductive or a posteriori probabilities},
  author={Lidstone, George James},
  journal={Transactions of the Faculty of Actuaries},
  volume={8},
  number={182-192},
  pages={13},
  year={1920},
  vnovotny-read-passes = {0},
}

@incollection{jelinek80,
  added-at = {2008-03-17T11:27:54.000+0100},
  address = {Amsterdam},
  author = {Jelinek, Fred and Mercer, Robert L.},
  biburl = {https://www.bibsonomy.org/bibtex/28fdd6eebcc9e0b6d3bc6343c06c80d49/nlp},
  booktitle = {Proceedings, Workshop on Pattern Recognition in Practice},
  editor = {Gelsema, Edzard S. and Kanal, Laveen N.},
  interhash = {20df321e3bc1fc00b748c65be9998cc5},
  intrahash = {8fdd6eebcc9e0b6d3bc6343c06c80d49},
  keywords = {2000 book nlp},
  pages = {381--397},
  publisher = {North Holland},
  timestamp = {2008-03-17T11:32:48.000+0100},
  title = {Interpolated estimation of {M}arkov source parameters from sparse data},
  year = 1980,
  vnovotny-read-passes = {0},
}

@article{bengio03,
  title={A neural probabilistic language model},
  author={Bengio, Yoshua and Ducharme, R{\'e}jean and Vincent, Pascal and Jauvin, Christian},
  journal={Journal of machine learning research},
  volume={3},
  number={Feb},
  pages={1137--1155},
  year={2003},
  vnovotny-read-passes = {2},
}

@article{mikolov13a,
  title={Efficient estimation of word representations in vector space},
  author={Mikolov, Tomáš and Chen, Kai and Corrado, Greg and Dean, Jeffrey},
  journal={arXiv preprint arXiv:1301.3781},
  year={2013},
  vnovotny-read-passes = {2},
}

@inproceedings{mikolov13c,
  title={Distributed representations of words and phrases and their compositionality},
  author={Mikolov, Tomáš and Sutskever, Ilya and Chen, Kai and Corrado, Greg S and Dean, Jeff},
  booktitle={Advances in neural information processing systems},
  pages={3111--3119},
  year={2013},
  vnovotny-read-passes = {0},
}

@article{rong14,
  title={word2vec parameter learning explained},
  author={Rong, Xin},
  journal={arXiv preprint arXiv:1411.2738},
  year={2014},
  vnovotny-read-passes = {0},
}

@online{rong15a,
  title={Word Embedding Explained and Visualized},
  author={Rong, Xin},
  year={2015},
  url={https://goo.gl/bHtVgd},
  urldate={2018-10-17},
}

@online{rong15b,
  title={Word Embedding Explained and Visualized -- word2vec and wevi},
  author={Rong, Xin},
  year={2015},
  url={https://www.youtube.com/watch?v=D-ekE-Wlcds},
  urldate={2018-10-17},
}

@inproceedings{mikolov11,
  title={Strategies for training large scale neural network language models},
  author={Mikolov, Tomáš and Deoras, Anoop and Povey, Daniel and Burget, Lukáš and Černocký, Jan},
  booktitle={Automatic Speech Recognition and Understanding (ASRU), 2011 IEEE Workshop on},
  pages={196--201},
  year={2011},
  organization={IEEE},
  vnovotny-read-passes = {0},
}

@inproceedings{mnih09,
  title={A scalable hierarchical distributed language model},
  author={Mnih, Andriy and Hinton, Geoffrey E},
  booktitle={Advances in neural information processing systems},
  pages={1081--1088},
  year={2009},
  vnovotny-read-passes = {0},
}

@inproceedings{morin05,
  title={Hierarchical probabilistic neural network language model.},
  author={Morin, Frederic and Bengio, Yoshua},
  booktitle={Aistats},
  volume={5},
  pages={246--252},
  year={2005},
  organization={Citeseer},
  vnovotny-read-passes = {0},
}

@inproceedings{mikolov13c,
  title={Linguistic regularities in continuous space word representations},
  author={Mikolov, Tomáš and Yih, Wen-tau and Zweig, Geoffrey},
  booktitle={Proceedings of the 2013 Conference of the North American Chapter of the Association for Computational Linguistics: Human Language Technologies},
  pages={746--751},
  year={2013},
  vnovotny-read-passes = {0},
}

@inproceedings{levy14b,
  title={Neural word embedding as implicit matrix factorization},
  author={Levy, Omer and Goldberg, Yoav},
  booktitle={Advances in neural information processing systems},
  pages={2177--2185},
  year={2014},
  vnovotny-read-passes = {1},
}

@inproceedings{levy14c,
  title={Linguistic regularities in sparse and explicit word representations},
  author={Levy, Omer and Goldberg, Yoav},
  booktitle={Proceedings of the eighteenth conference on computational natural language learning},
  pages={171--180},
  year={2014},
  vnovotny-read-passes = {0},
}

@article{levy15,
  title={Improving distributional similarity with lessons learned from word embeddings},
  author={Levy, Omer and Goldberg, Yoav and Dagan, Ido},
  journal={Transactions of the Association for Computational Linguistics},
  volume={3},
  pages={211--225},
  year={2015},
  vnovotny-read-passes = {1},
}

@article{li15,
  title={Do multi-sense embeddings improve natural language understanding?},
  author={Li, Jiwei and Jurafsky, Dan},
  journal={arXiv preprint arXiv:1506.01070},
  year={2015},
  vnovotny-read-passes = {1},
}
